<record><leader>00000cas a2200000 a 4500</leader><controlfield tag="001">11743163</controlfield><controlfield tag="008">850227d18811891ksuwr ne      0   a0eng d</controlfield><datafield ind1=" " ind2=" " tag="010"><subfield code="a">sn 84030239 </subfield></datafield><datafield ind1=" " ind2=" " tag="040"><subfield code="a">KSH</subfield><subfield code="b">eng</subfield><subfield code="c">KSH</subfield><subfield code="d">NPT</subfield><subfield code="d">OCL</subfield><subfield code="d">OCLCQ</subfield></datafield><datafield ind1=" " ind2=" " tag="042"><subfield code="a">msc</subfield></datafield><datafield ind1="0" ind2=" " tag="130"><subfield code="a">Fall River times (Fall River, Kan. : 1881)</subfield></datafield><datafield ind1="1" ind2="5" tag="245"><subfield code="a">Fall River times.</subfield></datafield><datafield ind1=" " ind2=" " tag="260"><subfield code="a">Fall River, Kan. :</subfield><subfield code="b">N. Powell,</subfield><subfield code="c">1881-1891.</subfield></datafield><datafield ind1=" " ind2=" " tag="300"><subfield code="a">10 v. ;</subfield><subfield code="c">59 cm.</subfield></datafield><datafield ind1=" " ind2=" " tag="310"><subfield code="a">Weekly</subfield></datafield><datafield ind1="0" ind2=" " tag="362"><subfield code="a">Vol. 1, no. 1 (Sept. 8, 1881)-v. 10, no. 49 (Oct. 1, 1891).</subfield></datafield><datafield ind1=" " ind2=" " tag="500"><subfield code="a">"Independent."</subfield></datafield><datafield ind1=" " ind2=" " tag="752"><subfield code="a">United States</subfield><subfield code="b">Kansas</subfield><subfield code="c">Greenwood</subfield><subfield code="d">Fall River.</subfield></datafield></record>